% This file was created with JabRef 2.9.2.
% Encoding: UTF-8

@BOOK{abd2006design,
  title = {Design and analysis of reliable and fault-tolerant computer systems},
  publisher = {World Scientific},
  year = {2006},
  author = {Abd-El-Barr, Mostafa}
}

@ARTICLE{adams1984optimizing,
  author = {Adams, Edward N},
  title = {Optimizing preventive service of software products},
  journal = {IBM Journal of Research and Development},
  year = {1984},
  volume = {28},
  pages = {2--14},
  number = {1},
  publisher = {IBM}
}

@ARTICLE{ammann1988data,
  author = {Ammann, Paul E and Knight, John C},
  title = {Data diversity: An approach to software fault tolerance},
  journal = {Computers, IEEE Transactions on},
  year = {1988},
  volume = {37},
  pages = {418--425},
  number = {4},
  publisher = {IEEE}
}

@INPROCEEDINGS{avizienis1977implementation,
  author = {Avizienis, Algirdas and Chen, Liming},
  title = {On the implementation of N-version programming for software fault
	tolerance during execution},
  booktitle = {Proc. IEEE COMPSAC},
  year = {1977},
  volume = {77},
  pages = {149--155}
}

@BOOK{avizienis2012evolution,
  title = {The evolution of fault-tolerant computing: in the honor of William
	C. Carter},
  publisher = {Springer Science \& Business Media},
  year = {2012},
  author = {Avizienis, Algirdas and Kopetz, Hermann and Laprie, Jean-Claude},
  volume = {1}
}

@BOOK{avresky2012fault,
  title = {Fault-tolerant parallel and distributed systems},
  publisher = {Springer Science \& Business Media},
  year = {2012},
  author = {Avresky, Dimiter R and Kaeli, David R}
}

@INPROCEEDINGS{badrinath2003checkpointing,
  author = {Badrinath, Ramamurthy and Morin, Christine and Vall{\'e}e, Geoffroy},
  title = {Checkpointing and recovery of shared memory parallel applications
	in a cluster},
  booktitle = {Cluster Computing and the Grid, 2003. Proceedings. CCGrid 2003. 3rd
	IEEE/ACM International Symposium on},
  year = {2003},
  pages = {471--477},
  organization = {IEEE}
}

@ARTICLE{castelli2001proactive,
  author = {Castelli, Vittorio and Harper, Richard E and Heidelberger, Philip
	and Hunter, Steven W and Trivedi, Kishor S and Vaidyanathan, Kalyanaraman
	and Zeggert, William P},
  title = {Proactive management of software aging},
  journal = {IBM Journal of Research and Development},
  year = {2001},
  volume = {45},
  pages = {311--332},
  number = {2},
  publisher = {IBM}
}

@ARTICLE{chandy1975analytic,
  author = {Chandy, K Mani and Browne, James C and Dissly, Charles W and Uhrig,
	Werner R},
  title = {Analytic models for rollback and recovery strategies in data base
	systems},
  journal = {Software Engineering, IEEE Transactions on},
  year = {1975},
  volume = {1},
  pages = {100--110},
  publisher = {IEEE}
}

@INPROCEEDINGS{chillarege1995measurement,
  author = {Chillarege, Ram and Biyani, Shriram and Rosenthal, Jeanette},
  title = {Measurement of failure rate in widely distributed software},
  booktitle = {Fault-Tolerant Computing, 1995. FTCS-25. Digest of Papers., Twenty-Fifth
	International Symposium on},
  year = {1995},
  pages = {424--433},
  organization = {IEEE}
}

@INPROCEEDINGS{garg1996minimizing,
  author = {Garg, Sachin and Huang, Yennun and Kintala, Chandra and Trivedi,
	Kishor S},
  title = {Minimizing completion time of a program by checkpointing and rejuvenation},
  booktitle = {ACM SIGMETRICS Performance Evaluation Review},
  year = {1996},
  volume = {24},
  pages = {252--261},
  organization = {ACM}
}

@INPROCEEDINGS{garg1998methodology,
  author = {Garg, Sachin and Van Moorsel, Aad and Vaidyanathan, Kalyanaraman
	and Trivedi, Kishor S},
  title = {A methodology for detection and estimation of software aging},
  booktitle = {Software Reliability Engineering, 1998. Proceedings. The Ninth International
	Symposium on},
  year = {1998},
  pages = {283--292},
  organization = {IEEE}
}

@BOOK{goloubeva2006software,
  title = {Software-implemented hardware fault tolerance},
  publisher = {Springer Science \& Business Media},
  year = {2006},
  author = {Goloubeva, Olga and Rebaudengo, Maurizio and Reorda, Matteo Sonza
	and Violante, Massimo}
}

@ARTICLE{gray1990census,
  author = {Gray, Jim},
  title = {A census of Tandem system availability between 1985 and 1990},
  journal = {Reliability, IEEE Transactions on},
  year = {1990},
  volume = {39},
  pages = {409--418},
  number = {4},
  publisher = {IEEE}
}

@INPROCEEDINGS{gray1986computers,
  author = {Gray, Jim},
  title = {Why do computers stop and what can be done about it?},
  booktitle = {Symposium on reliability in distributed software and database systems},
  year = {1986},
  pages = {3--12},
  organization = {Los Angeles, CA, USA}
}

@ARTICLE{gray1991high,
  author = {Gray, Jim and Siewiorek, Daniel P},
  title = {High-availability computer systems},
  journal = {Computer},
  year = {1991},
  volume = {24},
  pages = {39--48},
  number = {9},
  publisher = {IEEE}
}

@MISC{heathcote2015networktester,
  author = {Jonathan Heathcote},
  title = {{Network Tester}},
  howpublished = {\url{http://network-tester.readthedocs.org/en/stable/}},
  year = {2015},
  note = {[Online; accessed 17-July-2015]}
}

@BOOK{horning1974program,
  title = {A program structure for error detection and recovery},
  publisher = {Springer},
  year = {1974},
  author = {Horning, James J and Lauer, Hugh C and Melliar-Smith, Peter M and
	Randell, Brian}
}

@INCOLLECTION{huang1994two,
  author = {Huang, Yennun and Jalote, Pankaj and Kintala, Chandra},
  title = {Two techniques for transient software error recovery},
  booktitle = {Hardware and Software Architectures for Fault Tolerance},
  publisher = {Springer},
  year = {1994},
  pages = {159--170}
}

@INPROCEEDINGS{huang1995software,
  author = {Huang, Yennun and Kintala, Chandra and Kolettis, Nick and Fulton,
	N Dudley},
  title = {Software rejuvenation: Analysis, module and applications},
  booktitle = {Fault-Tolerant Computing, 1995. FTCS-25. Digest of Papers., Twenty-Fifth
	International Symposium on},
  year = {1995},
  pages = {381--390},
  organization = {IEEE}
}

@INPROCEEDINGS{jalote1995framework,
  author = {Jalote, P and Huang, Y and Kintala, C},
  title = {A framework for understanding and handling transient software failures},
  booktitle = {Proc. 2nd ISSAT Int. Conf. on Reliability and Quality in Design},
  year = {1995},
  pages = {231--237}
}

@ARTICLE{kulkarni1990effects,
  author = {Kulkarni, VG and Nicola, VF and Trivedi, KS},
  title = {Effects of checkpointing and queueing on program performance},
  journal = {Stochastic models},
  year = {1990},
  volume = {6},
  pages = {615--648},
  number = {4},
  publisher = {Taylor \& Francis}
}

@BOOK{laprie1992dependability,
  title = {Dependability: Basic concepts and terminology},
  publisher = {Springer},
  year = {1992},
  author = {Laprie, Jean-Claude}
}

@ARTICLE{laprie1990definition,
  author = {Laprie, Jean-Claude and Arlat, Jean and Beounes, Christian and Kanoun,
	Karama},
  title = {Definition and analysis of hardware-and software-fault-tolerant architectures},
  journal = {Computer},
  year = {1990},
  volume = {23},
  pages = {39--51},
  number = {7},
  publisher = {IEEE}
}

@TECHREPORT{lee1994software,
  author = {Lee, Inhwan},
  title = {Software dependability in the operational phase},
  institution = {DTIC Document},
  year = {1994}
}

@ARTICLE{lee1995software,
  author = {Lee, Inhwan and Iyer, Ravishankar K},
  title = {Software dependability in the Tandem GUARDIAN system},
  journal = {Software Engineering, IEEE Transactions on},
  year = {1995},
  volume = {21},
  pages = {455--467},
  number = {5},
  publisher = {IEEE}
}

@INPROCEEDINGS{leu1988concurrent,
  author = {Leu, Pei-Jyun and Bhargava, Bharat},
  title = {Concurrent robust checkpointing and recovery in distributed systems},
  booktitle = {Data Engineering, 1988. Proceedings. Fourth International Conference
	on},
  year = {1988},
  pages = {154--163},
  organization = {IEEE}
}

@MISC{lions1996ariane,
  author = {Lions, Jacques-Louis and others},
  title = {Ariane 5 flight 501 failure},
  year = {1996},
  publisher = {Technical report, European Space Agency, July 1996. Available as
	http://www. esrin. esa. it/htdocs/tidc/Press/Press96/ariane5rep.
	html}
}

@INCOLLECTION{long1992implementing,
  author = {Long, Junsheng and Fuchs, W Kent and Abraham, Jacob A},
  title = {Implementing forward recovery using checkpoints in distributed systems},
  booktitle = {Dependable Computing for Critical Applications 2},
  publisher = {Springer},
  year = {1992},
  pages = {27--46}
}

@BOOK{lyu1995software,
  title = {Software fault tolerance},
  publisher = {John Wiley \& Sons, Inc.},
  year = {1995},
  author = {Lyu, Michael R}
}

@ARTICLE{nicola1990comparative,
  author = {Nicola, Victor F and Van Spanje, Johannes M},
  title = {Comparative analysis of different models of checkpointing and recovery},
  journal = {Software Engineering, IEEE Transactions on},
  year = {1990},
  volume = {16},
  pages = {807--821},
  number = {8},
  publisher = {IEEE}
}

@BOOK{pradhan1996fault,
  title = {Fault-tolerant computer system design},
  publisher = {Prentice-Hall},
  year = {1996},
  author = {Pradhan, Dhiraj K}
}

@ARTICLE{pradhan1994roll,
  author = {Pradhan, Dhiraj K and Vaidya, Nitin H},
  title = {Roll-forward checkpointing scheme: A novel fault-tolerant architecture},
  journal = {Computers, IEEE Transactions on},
  year = {1994},
  volume = {43},
  pages = {1163--1174},
  number = {10},
  publisher = {IEEE}
}

@ARTICLE{sorin2009fault,
  author = {Sorin, Daniel J},
  title = {Fault tolerant computer architecture},
  journal = {Synthesis Lectures on Computer Architecture},
  year = {2009},
  volume = {4},
  pages = {1--104},
  number = {1},
  publisher = {Morgan \& Claypool Publishers}
}

@TECHREPORT{strumpen1996portable,
  author = {Strumpen, Volker and Ramkumar, Balkrishna},
  title = {Portable checkpointing and recovery in heterogeneous environments},
  institution = {Technical Report Technical Report 96-6-1, Department of Electrical
	and Computer Engineering, University of Iowa},
  year = {1996}
}

@INPROCEEDINGS{sullivan1991software,
  author = {Sullivan, Mark and Chillarege, Ram},
  title = {Software defects and their impact on system availability: A study
	of field failures in operating systems},
  booktitle = {FTCS},
  year = {1991},
  pages = {2--9}
}

@ARTICLE{tomek1993modeling,
  author = {Tomek, Lorrie and Muppala, Jogesh K and Trivedi, Kishor S and others},
  title = {Modeling correlation in software recovery blocks},
  journal = {Software Engineering, IEEE Transactions on},
  year = {1993},
  volume = {19},
  pages = {1071--1086},
  number = {11},
  publisher = {IEEE}
}

@MISC{trivedi2008software,
  author = {Kishor Trivedi},
  title = {{Software fault tolerance}},
  howpublished = {\url{http://srel.ee.duke.edu/sw_ft}},
  year = {2008},
  note = {[Online; accessed 19-July-2008]}
}

@INPROCEEDINGS{wang1995checkpointing,
  author = {Wang, Yi-Min and Huang, Yennun and Vo, Kiem-Phong and Chung, Pe-Yu
	and Kintala, Chandra},
  title = {Checkpointing and its applications},
  booktitle = {Fault-Tolerant Computing, 1995. FTCS-25. Digest of Papers., Twenty-Fifth
	International Symposium on},
  year = {1995},
  pages = {22--31},
  organization = {IEEE}
}

@inproceedings{schroeder2009dram,
	title={DRAM errors in the wild: a large-scale field study},
	author={Schroeder, Bianca and Pinheiro, Eduardo and Weber, Wolf-Dietrich},
	booktitle={ACM SIGMETRICS Performance Evaluation Review},
	volume={37},
	pages={193--204},
	year={2009},
	organization={ACM}
}

@article{costello2004error,
	title={Error control coding},
	author={Costello, D and Lin, Shu},
	journal={New Jersey},
	year={2004}
}

@phdthesis{grymel2013error,
	title={Error control with binary cyclic codes},
	author={Grymel, Martin-Thomas},
	year={2013},
	school={University of Manchester}
}

@misc{ wiki:discretelogs,
 	author = "Wikipedia",
 	title = "Discrete logarithm --- Wikipedia{,} The Free Encyclopedia",
 	year = "2015",
 	url = "https://en.wikipedia.org/w/index.php?title=Discrete_logarithm&oldid=670886795",
 	note = "[Online; accessed 23-July-2015]"
}
 
@book{kapur2011software,
 	title={Software reliability assessment with OR applications},
 	author={Kapur, PK and Pham, Hoang and Gupta, Anshu and Jha, PC},
 	year={2011},
 	publisher={Springer}
}